@Manual{Dbarch,
  title =        "Database Architects: The Case for {B}-Tree Index
                 Structures",
  author =       "Thomas Neumann",
  year =         "2017",
  month =        dec,
  note =         "\url{http://databasearchitects.blogspot.co.nz/2017/12/the-case-for-b-tree-index-structures.html}",
}

@Manual{Bailis,
  title =        "Classical Data Structures That Can Outperform Learned
                 Indexes",
  author =       " {Peter Bailis, Kai Sheng Tai, Pratiksha Thaker} and
                 Matei Zaharia",
  year =         "2018",
  month =        jan,
  note =         "\url{https://dawn.cs.stanford.edu/2018/01/11/index-baselines/}",
}

@Manual{Outragous,
  title =        "Outrageously Large Neural Networks: The Sparsely-Gated
                 Mixture-Of-Experts Layer",
  author =       "Geoffrey Hinton {Noam Shazeer1, Azalia Mirhoseini,
                 Krzysztof Maziarz, Andy Davis, Quoc Le} and Jeff
                 Dean1",
  year =         "2017",
  month =        apr,
  note =         "\url{https://arxiv.org/pdf/1701.06538.pdf}",
}

@Manual{Memaccess,
  title =        "Learning Memory Access Patterns",
  author =       "Geoffrey Hinton {Hashemi, Milad; Swersky, Kevin;
                 Smith, Jamie A.; Ayers, Grant; Litz, Heiner; Chang,
                 Jichuan; Noam Shazeer1, Azalia Mirhoseini, Krzysztof
                 Maziarz, Andy Davis, Quoc Le} and Jeff Dean",
  year =         "2018",
  month =        mar,
  note =         "\url{http://adsabs.harvard.edu/abs/2018arXiv180302329H}",
}